@online{lorem,
  title     = {Ayo big poggers},
  author    = {Jorn Veken},
  year      = 2022,
  url       = {https://zombo.com},
  addendum = {Geraadpleegd op 17-2-2022}
}

@online{espidfShrink,
  title     = {Minimizing Binary Size},
  author    = {Espressif},
  year      = 2022,
  url        = {https://docs.espressif.com/projects/esp-idf/en/latest/esp32/api-guides/performance/size.html}, 
  addendum = {Geraadpleegd op 25-04-2022}
}